@article{kang2016intrusion,
  title={Intrusion detection system using deep neural network for in-vehicle network security},
  author={Kang, Min-Joo and Kang, Je-Won},
  journal={PloS one},
  volume={11},
  number={6},
  pages={e0155781},
  year={2016},
  publisher={Public Library of Science}
}

@article{li2004using,
  title={Using genetic algorithm for network intrusion detection},
  author={Li, Wei},
  journal={Proceedings of the United States Department of Energy Cyber Security Group},
  volume={1},
  pages={1--8},
  year={2004}
}

@article{hoque2012implementation,
  title={An implementation of intrusion detection system using genetic algorithm},
  author={Hoque, Mohammad Sazzadul and Mukit, Md and Bikas, Md and Naser, Abu and others},
  journal={arXiv preprint arXiv:1204.1336},
  year={2012}
}

@misc{candata,
  title = {Car-Hacking Dataset for the intrusion detection},
  howpublished = {\url{http://ocslab.hksecurity.net/Datasets/CAN-intrusion-dataset}},
  note = {Accessed: 2019-05-01}
}

@article{li2004using,
  title={Using genetic algorithm for network intrusion detection},
  author={Li, Wei},
  journal={Proceedings of the United States Department of Energy Cyber Security Group},
  volume={1},
  pages={1--8},
  year={2004}
}

@inproceedings{koscher2010experimental,
  title={Experimental security analysis of a modern automobile},
  author={Koscher, Karl and Czeskis, Alexei and Roesner, Franziska and Patel, Shwetak and Kohno, Tadayoshi and Checkoway, Stephen and McCoy, Damon and Kantor, Brian and Anderson, Danny and Shacham, Hovav and others},
  booktitle={2010 IEEE Symposium on Security and Privacy},
  pages={447--462},
  year={2010},
  organization={IEEE}
}

@article{lu2004detecting,
  title={Detecting new forms of network intrusion using genetic programming},
  author={Lu, Wei and Traore, Issa},
  journal={Computational intelligence},
  volume={20},
  number={3},
  pages={475--494},
  year={2004},
  publisher={Wiley Online Library}
}

@inproceedings{pillai2004approach,
  title={An approach to implement a network intrusion detection system using genetic algorithms},
  author={Pillai, MM and Eloff, Jan HP and Venter, HS},
  booktitle={Proceedings of the 2004 annual research conference of the South African institute of computer scientists and information technologists on IT research in developing countries},
  pages={221--221},
  year={2004},
  organization={South African Institute for Computer Scientists and Information Technologists}
}
